@article{PhysRevX.6.011024,
  title = {Measurement-Device-Independent Quantum Key Distribution over Untrustful Metropolitan Network},
  author = {Tang, Yan-Lin and Yin, Hua-Lei and Zhao, Qi and Liu, Hui and Sun, Xiang-Xiang and Huang, Ming-Qi and Zhang, Wei-Jun and Chen, Si-Jing and Zhang, Lu and You, Li-Xing and Wang, Zhen and Liu, Yang and Lu, Chao-Yang and Jiang, Xiao and Ma, Xiongfeng and Zhang, Qiang and Chen, Teng-Yun and Pan, Jian-Wei},
  journal = {Phys. Rev. X},
  volume = {6},
  issue = {1},
  pages = {011024},
  numpages = {8},
  year = {2016},
  month = {Mar},
  publisher = {American Physical Society},
  doi = {10.1103/PhysRevX.6.011024},
  url = {https://link.aps.org/doi/10.1103/PhysRevX.6.011024}
}



@ARTICLE{2017QuEle..47..798K,
       author = {{Kiktenko}, E.~O. and {Pozhar}, N.~O. and {Duplinskiy}, A.~V. and
         {Kanapin}, A.~A. and {Sokolov}, A.~S. and {Vorobey}, S.~S. and
         {Miller}, A.~V. and {Ustimchik}, V.~E. and {Anufriev}, M.~N. and
         {Trushechkin}, A.~S.},
        title = "{Demonstration of a quantum key distribution network in urban fibre-optic communication lines}",
      journal = {Quantum Electronics},
     keywords = {Quantum Physics, Computer Science - Cryptography and Security},
         year = "2017",
        month = "Sep",
       volume = {47},
       number = {9},
        pages = {798-802},
          doi = {10.1070/QEL16469},
archivePrefix = {arXiv},
       eprint = {1705.07154},
 primaryClass = {quant-ph},
       adsurl = {https://ui.adsabs.harvard.edu/abs/2017QuEle..47..798K},
      adsnote = {Provided by the SAO/NASA Astrophysics Data System}
}


@article{article,
author = {Tan, Yong-gang},
year = {2016},
month = {10},
pages = {35032},
title = {Quantum key distribution with prepare-and-measure Bell test},
volume = {6},
journal = {Scientific Reports},
doi = {10.1038/srep35032}
}

@ARTICLE{2012PhRvL.108m0503L,
       author = {{Lo}, Hoi-Kwong and {Curty}, Marcos and {Qi}, Bing},
        title = "{Measurement-Device-Independent Quantum Key Distribution}",
      journal = {\prl},
     keywords = {03.67.Dd, 03.67.Hk, Quantum cryptography, Quantum communication, Quantum Physics},
         year = "2012",
        month = "Mar",
       volume = {108},
       number = {13},
          eid = {130503},
        pages = {130503},
          doi = {10.1103/PhysRevLett.108.130503},
archivePrefix = {arXiv},
       eprint = {1109.1473},
 primaryClass = {quant-ph},
       adsurl = {https://ui.adsabs.harvard.edu/abs/2012PhRvL.108m0503L},
      adsnote = {Provided by the SAO/NASA Astrophysics Data System}
}

@article{PhysRevA.54.2651,
  title = {Quantum cryptographic network based on quantum memories},
  author = {Biham, Eli and Huttner, Bruno and Mor, Tal},
  journal = {Phys. Rev. A},
  volume = {54},
  issue = {4},
  pages = {2651--2658},
  numpages = {0},
  year = {1996},
  month = {Oct},
  publisher = {American Physical Society},
  doi = {10.1103/PhysRevA.54.2651},
  url = {https://link.aps.org/doi/10.1103/PhysRevA.54.2651}
}

